@INPROCEEDINGS{,
 title="",
 author="",
 booktitle="",
 year="",
 month="",
 address="",
 pages="",
 keywords="",
}

@ARTICLE{,
 title="",
 author="",
 journal="",
 year="",
 volume="",
 number="",
 pages="",
 month="",
 keywords="",
}

@BOOK{,
 title="",
 author="",
 publisher="",
 year="",
 address="",
 keywords="",
}

@MISC{,
 title="",
 author="",
 howpublished="IETF RFC ",
 year="",
 month="",
 keywords="",
}

@PHDTHESIS{,
 author="",
 title="",
 school="",
 address="",
 year="",
 month="",
 keywords="",
}

@MISC{,
 author="",
 title="",
 howpublished="Web site: \url{} [Last accessed: ]",
 keywords="",
}